<record><leader>00000cas a22000007a 4500</leader><controlfield tag="001">18403499</controlfield><controlfield tag="008">880825u1960uuuuokuwr ne      0    0eng d</controlfield><datafield ind1=" " ind2=" " tag="010"><subfield code="a">sn 88084158 </subfield></datafield><datafield ind1=" " ind2=" " tag="040"><subfield code="a">PPM</subfield><subfield code="b">eng</subfield><subfield code="c">PPM</subfield><subfield code="d">OCLCQ</subfield></datafield><datafield ind1=" " ind2=" " tag="042"><subfield code="a">msc</subfield></datafield><datafield ind1="0" ind2=" " tag="130"><subfield code="a">Red River news (Hugo, Okla.)</subfield></datafield><datafield ind1="1" ind2="0" tag="245"><subfield code="a">Red River news.</subfield></datafield><datafield ind1=" " ind2=" " tag="260"><subfield code="a">Hugo, Okla. :</subfield><subfield code="b">Little Dixie Pub. Co.,</subfield><subfield code="c">1960-</subfield></datafield><datafield ind1=" " ind2=" " tag="310"><subfield code="a">Weekly</subfield></datafield><datafield ind1="0" ind2=" " tag="362"><subfield code="a">Vol. 1, no. 1 (Feb. 25, 1960)-</subfield></datafield><datafield ind1=" " ind2=" " tag="752"><subfield code="a">United States</subfield><subfield code="b">Oklahoma</subfield><subfield code="c">Choctaw</subfield><subfield code="d">Hugo.</subfield></datafield><datafield ind1="1" ind2=" " tag="029"><subfield code="a">AU@</subfield><subfield code="b">000025806661</subfield></datafield></record>